<?xml version="1.0" encoding="UTF-8"?><record xmlns="http://www.loc.gov/MARC21/slim" xmlns:cinclude="http://apache.org/cocoon/include/1.0" xmlns:zs="http://www.loc.gov/zing/srw/">
  <leader>00391cz  a2200133n  4500</leader>
  <controlfield tag="001">n  88092319 </controlfield>
  <controlfield tag="003">DLC</controlfield>
  <controlfield tag="005">20080306075558.0</controlfield>
  <controlfield tag="008">880810n| acannaabn          |n aaa      </controlfield>
  <datafield tag="010" ind1=" " ind2=" ">
    <subfield code="a">n  88092319 </subfield>
  </datafield>
  <datafield tag="035" ind1=" " ind2=" ">
    <subfield code="a">(OCoLC)oca02337945</subfield>
  </datafield>
  <datafield tag="040" ind1=" " ind2=" ">
    <subfield code="a">DLC</subfield>
    <subfield code="b">eng</subfield>
    <subfield code="c">DLC</subfield>
    <subfield code="d">DLC</subfield>
    <subfield code="d">OCoLC</subfield>
  </datafield>
  <datafield tag="100" ind1="1" ind2=" ">
    <subfield code="a">Kallio, Riitta</subfield>
  </datafield>
  <datafield tag="670" ind1=" " ind2=" ">
    <subfield code="a">Timonen, I. Tshernobylin voimalaonnettomuus lehdistoĚssaĚ, 1987:</subfield>
    <subfield code="b">t.p. (Riitta Kallio)</subfield>
  </datafield>
</record>